%Example

@article{example-article,
    author = {I. Surname and I. Surname and I. Surname},
    title = {The Title of the Article},
    journal = {The Title of the Journal},
    volume = {1},
    number = {2},
    pages = {123-456},
    year = {2000},
    note = {}
}

@online{Profiling,
    author = {{Amnon Geifman} <OR> I. Surname and I. Surname and I. Surname},
    title = {The Correct Way to Measure Inference Time of Deep Neural Networks},
    url = {https://deci.ai/blog/measure-inference-time-deep-neural-networks/},
    urldate = {XX-XX-2023},
    year = {2023}
}


@article{ivanov2023sten,
  title={STen: Productive and Efficient Sparsity in PyTorch},
  author={Ivanov, Andrei and Dryden, Nikoli and Ben-Nun, Tal and Ashkboos, Saleh and Hoefler, Torsten},
  journal={arXiv preprint arXiv:2304.07613},
  year={2023}
}

@online{Nvidia,
    author = {Nvidia},
    title = {Accelerating sparsity in the Nvidia Ampere architecture},
    year = {2020},
    url = {https://developer.download.nvidia.com/video/gputechconf/gtc/2020/presentations/s22085-accelerating-sparsity-in-the-nvidia-ampere-architecture%E2%80%8B.pdf},
}

@article{hosseini2022sparse-benchmark,
  title={Operation-Level Performance Benchmarking of Graph Neural Networks for Scientific Applications},
  author={Hosseini, Ryien and Simini, Filippo and Vishwanath, Venkatram},
  journal={arXiv preprint arXiv:2207.09955},
  year={2022}
}

@online{Nvidia2,
    author = {Nvidia},
    title = {Accelerating sparsity in the Nvidia Ampere architecture},
    year = {2020},
    url = {https://images.nvidia.com/aem-dam/en-zz/Solutions/data-center/nvidia-ampere-architecture-whitepaper.pdf},
}

@article{nikdan2023sparseprop,
  title={SparseProp: Efficient Sparse Backpropagation for Faster Training of Neural Networks},
  author={Nikdan, Mahdi and Pegolotti, Tommaso and Iofinova, Eugenia and Kurtic, Eldar and Alistarh, Dan},
  journal={arXiv preprint arXiv:2302.04852},
  year={2023}
}

@article{hagenaars2021self,
  title={Self-supervised learning of event-based optical flow with spiking neural networks},
  author={Hagenaars, Jesse and Paredes-Vall{\'e}s, Federico and De Croon, Guido},
  journal={Advances in Neural Information Processing Systems},
  volume={34},
  pages={7167--7179},
  year={2021}
}

@inproceedings{liu2022spatial-SPSConv,
  title={Spatial Pruned Sparse Convolution for Efficient 3D Object Detection},
  author={Liu, Jianhui and Chen, Yukang and Ye, Xiaoqing and Tian, Zhuotao and Tan, Xiao and Qi, Xiaojuan},
  booktitle={Advances in Neural Information Processing Systems},
  year={2022}
}

@inproceedings{focalsconv-chen-SPconvPlus,
  title={Focal Sparse Convolutional Networks for 3D Object Detection},
  author={Chen, Yukang and Li, Yanwei and Zhang, Xiangyu and Sun, Jian and Jia, Jiaya},
  booktitle={Proceedings of the IEEE Conference on Computer Vision and Pattern Recognition},
  year={2022}
}

@article{3DSemanticSegmentationWithSubmanifoldSparseConvNet,
  title={3D Semantic Segmentation with Submanifold Sparse Convolutional Networks},
  author={Graham, Benjamin and Engelcke, Martin and van der Maaten, Laurens},
  journal={CVPR},
  year={2018}
}

@article{SubmanifoldSparseConvNet,
  title={Submanifold Sparse Convolutional Networks},
  author={Graham, Benjamin and van der Maaten, Laurens},
  journal={arXiv preprint arXiv:1706.01307},
  year={2017}
}

@inproceedings{parameshwara2021SpikeMS,
  title={SpikeMS: Deep spiking neural network for motion segmentation},
  author={Parameshwara, Chethan M and Li, Simin and Ferm{\"u}ller, Cornelia and Sanket, Nitin J and Evanusa, Matthew S and Aloimonos, Yiannis},
  booktitle={2021 IEEE/RSJ International Conference on Intelligent Robots and Systems (IROS)},
  pages={3414--3420},
  year={2021},
  organization={IEEE}
}

@inproceedings{wang2019space-Gesture-eventcloud,
  title={Space-time event clouds for gesture recognition: From RGB cameras to event cameras},
  author={Wang, Qinyi and Zhang, Yexin and Yuan, Junsong and Lu, Yilong},
  booktitle={2019 IEEE Winter Conference on Applications of Computer Vision (WACV)},
  pages={1826--1835},
  year={2019},
  organization={IEEE}
}



@article{scheerlinck2019asynchronous-CNN,
  title={Asynchronous spatial image convolutions for event cameras},
  author={Scheerlinck, Cedric and Barnes, Nick and Mahony, Robert},
  journal={IEEE Robotics and Automation Letters},
  volume={4},
  number={2},
  pages={816--822},
  year={2019},
  publisher={IEEE}
}

%Engines

@inproceedings{choy20194d-MinkowskiEngine,
  title={4d spatio-temporal convnets: Minkowski convolutional neural networks},
  author={Choy, Christopher and Gwak, JunYoung and Savarese, Silvio},
  booktitle={Proceedings of the IEEE/CVF conference on computer vision and pattern recognition},
  pages={3075--3084},
  year={2019}
}

@inproceedings{tang2023torchsparse++,
  title={TorchSparse++: Efficient Point Cloud Engine},
  author={Tang, Haotian and Yang, Shang and Liu, Zhijian and Hong, Ke and Yu, Zhongming and Li, Xiuyu and Dai, Guohao and Wang, Yu and Han, Song},
  booktitle={Proceedings of the IEEE/CVF Conference on Computer Vision and Pattern Recognition},
  pages={202--209},
  year={2023}
}

@INPROCEEDINGS{EVIMO2,
  author={L. {Burner} and A. {Mitrokhin} and C. {Ye} and C. {Ferm\"uller} and Y. {Aloimonos} and T. {Delbruck}},
  title={EVIMO2: An Event Camera Dataset for Motion Segmentation, Optical Flow, Structure from Motion, and Visual Inertial Odometry in Indoor Scenes with Monocular or Stereo Algorithms}, 
  year={2022},
  url = {https://arxiv.org/abs/2205.03467},
  volume={},
  number={},
  month={May},}

@misc{hagenaars2021selfsupervised,
      title={Self-Supervised Learning of Event-Based Optical Flow with Spiking Neural Networks}, 
      author={Jesse Hagenaars and Federico Paredes-Vall√©s and Guido de Croon},
      year={2021},
      eprint={2106.01862},
      archivePrefix={arXiv},
      primaryClass={cs.CV}
}

@misc{yang2023minuet,
      title={Minuet: Accelerating 3D Sparse Convolutions on GPUs}, 
      author={Jiacheng Yang and Christina Giannoula and Jun Wu and Mostafa Elhoushi and James Gleeson and Gennady Pekhimenko},
      year={2023},
      eprint={2401.06145},
      archivePrefix={arXiv},
      primaryClass={cs.DC}
}

@book{kirk10,
  abstract = {This work demonstrates the basic concepts of parallel programming and GPU architecture. It explores various techniques for constructing parallel programs in detail and features case studies to illuminate the development process.},
  added-at = {2016-02-09T14:54:02.000+0100},
  address = {Burlington, MA},
  author = {Kirk, David B. and Hwu, Wen-mei W.},
  biburl = {https://www.bibsonomy.org/bibtex/2332015ba835982ebfd0ee5d7e48eeda7/ytyoun},
  interhash = {8a08e44bea8bf41187fca27edd57fd97},
  intrahash = {332015ba835982ebfd0ee5d7e48eeda7},
  isbn = {9780123814722 0123814723},
  keywords = {parallel programming textbook},
  publisher = {Morgan Kaufmann Publishers},
  refid = {489718737},
  series = {Applications of GPU Computing Series},
  timestamp = {2016-02-09T14:58:00.000+0100},
  title = {Programming Massively Parallel Processors: A Hands-on Approach},
  year = 2010
}

@misc{ivanov2023sten,
      title={STen: Productive and Efficient Sparsity in PyTorch}, 
      author={Andrei Ivanov and Nikoli Dryden and Tal Ben-Nun and Saleh Ashkboos and Torsten Hoefler},
      year={2023},
      eprint={2304.07613},
      archivePrefix={arXiv},
      primaryClass={cs.LG}
}
